%%% International Conference Proceedings.
@inproceedings{canon2022,
  keywords  = {international proceedings},
  title     = {Bounding the Flow Time in Online Scheduling with Structured Processing Sets},
  author    = {Canon, Louis-Claude and Dugois, Anthony and Marchal, Loris},
  booktitle = {36th IEEE International Parallel \& Distributed Processing Symposium},
  year      = {2022},
  addendum  = {\href{https://hal.archives-ouvertes.fr/hal-03561018/file/conf.pdf}{Link to PDF}}
}

@inproceedings{benmokhtar2021,
  keywords  = {international proceedings},
  title     = {Taming Tail Latency in Key-Value Stores: a Scheduling Perspective},
  author    = {Ben Mokhtar, Sonia and Canon, Louis-Claude and Dugois, Anthony and Marchal, Loris and Rivière, Etienne},
  booktitle = {27th International European Conference on Parallel and Distributed Computing},
  pages     = {136--150},
  year      = {2021},
  addendum  = {\href{https://hal.inria.fr/hal-03424040/file/europar.pdf}{Link to PDF}}
}

%%% Research Reports.
@report{canon2022-rr,
  keywords = {research report},
  title    = {Bounding the Flow Time in Online Scheduling with Structured Processing Sets (extended version)},
  author   = {Canon, Louis-Claude and Dugois, Anthony and Marchal, Loris},
  year     = {2022},
  type     = {Research Report},
  addendum = {\href{https://hal.archives-ouvertes.fr/hal-03558600/file/report.pdf}{Link to PDF}}
}

@report{benmokhtar2021-rr,
  keywords = {research report},
  title    = {Taming Tail Latency in Key-Value Stores: a Scheduling Perspective (extended version)},
  author   = {Ben Mokhtar, Sonia and Canon, Louis-Claude and Dugois, Anthony and Marchal, Loris and Rivière, Etienne},
  year     = {2021},
  type     = {Research Report},
  addendum = {\href{https://hal.inria.fr/hal-03144818v2/file/report.pdf}{Link to PDF}}
}

%%% Under Review.
@inproceedings{canon2023a,
  keywords  = {under review},
  title     = {Low-Cost Algorithms for the Restricted Assignment Problem on Intervals of Machines},
  author    = {Canon, Louis-Claude and Dugois, Anthony and Marchal, Loris},
  booktitle = {52nd International Conference on Parallel Processing},
  year      = {2023}
}

@inproceedings{canon2023b,
  keywords  = {under review},
  title     = {Hector: A Framework to Design and Evaluate Scheduling Strategies in Persistent Key-Value Stores},
  author    = {Canon, Louis-Claude and Dugois, Anthony and Marchal, Loris and Rivière, Etienne},
  booktitle = {52nd International Conference on Parallel Processing},
  year      = {2023}
}

@article{benmokhtar2022,
  keywords = {under review},
  title    = {A Scheduling Framework for Distributed Key-Value Stores and its Application to Tail Latency Minimization},
  author   = {Ben Mokhtar, Sonia and Canon, Louis-Claude and Dugois, Anthony and Marchal, Loris and Rivière, Etienne},
  journal  = {Journal of Scheduling},
  year     = {2023}
}

